@MISC{1,
    author = {Kent L. Norman and Kirk D. Norman},
    title = {Comparison of Relative Versus Absolute Pointing Devices},
    year = {2010}
}

@inproceedings{2,
 author = {Sweetser, John and Grunnet-Jepsen, Anders and Panchanathan, Gopal},
 title = {Absolute Pointing and Tracking Based Remote Control for Interactive User Experience},
 booktitle = {Proceedings of the 1st International Conference on Designing Interactive User Experiences for TV and Video},
 series = {UXTV '08},
 year = {2008},
 isbn = {978-1-60558-100-2},
 location = {Silicon Valley, California, USA},
 pages = {155--164},
 numpages = {10},
 url = {http://doi.acm.org/10.1145/1453805.1453837},
 doi = {10.1145/1453805.1453837},
 acmid = {1453837},
 publisher = {ACM},
 address = {New York, NY, USA},
 keywords = {optical tracking, pointing device, remote control, remote interaction, user interface},
} 

@inproceedings{3,
 author = {Vogel, Daniel and Balakrishnan, Ravin},
 title = {Distant Freehand Pointing and Clicking on Very Large, High Resolution Displays},
 booktitle = {Proceedings of the 18th Annual ACM Symposium on User Interface Software and Technology},
 series = {UIST '05},
 year = {2005},
 isbn = {1-59593-271-2},
 location = {Seattle, WA, USA},
 pages = {33--42},
 numpages = {10},
 url = {http://doi.acm.org/10.1145/1095034.1095041},
 doi = {10.1145/1095034.1095041},
 acmid = {1095041},
 publisher = {ACM},
 address = {New York, NY, USA},
 keywords = {freehand gestures, pointing, very large displays, whole hand interaction},
} 

@article{4,
	title = {Analysis of the Accuracy and Robustness of the Leap Motion Controller},
	volume = {13},
	issn = {1424-8220},
	url = {http://www.mdpi.com/1424-8220/13/5/6380},
	doi = {10.3390/s130506380},
	number = {5},
	urldate = {2013-07-30},
	journal = {Sensors},
	author = {Weichert, Frank and Bachmann, Daniel and Rudak, Bartholom√§us and Fisseler, Denis},
	month = may,
	year = {2013},
	pages = {6380--6393}
}

@ONLINE{5,
author = {Leap Motion Inc.},
title = {Leap Motion},
year = {2013},
url = {http://www.leapmotion.com}
}